<record><leader>00000cas a2200000 a 4500</leader><controlfield tag="001">22973305</controlfield><controlfield tag="008">910117d18361838nhuwr ne      0    0eng c</controlfield><datafield ind1=" " ind2=" " tag="010"><subfield code="a">sn 90062635 </subfield></datafield><datafield ind1=" " ind2=" " tag="040"><subfield code="a">NVH</subfield><subfield code="b">eng</subfield><subfield code="c">NVH</subfield><subfield code="d">HLS</subfield><subfield code="d">TGN</subfield><subfield code="d">OCL</subfield><subfield code="d">CVF</subfield><subfield code="d">NYS</subfield><subfield code="d">BUF</subfield><subfield code="d">DLC</subfield><subfield code="d">OCLCQ</subfield><subfield code="d">OCLCF</subfield><subfield code="d">OCLCO</subfield></datafield><datafield ind1="1" ind2=" " tag="029"><subfield code="a">AU@</subfield><subfield code="b">000020635132</subfield></datafield><datafield ind1=" " ind2=" " tag="042"><subfield code="a">pcc</subfield></datafield><datafield ind1=" " ind2=" " tag="043"><subfield code="a">n-us-nh</subfield></datafield><datafield ind1="0" ind2="0" tag="050"><subfield code="a">Newspaper</subfield></datafield><datafield ind1="1" ind2="4" tag="050"><subfield code="a">AN241</subfield><subfield code="b">.O73</subfield></datafield><datafield ind1="0" ind2="0" tag="245"><subfield code="a">Portsmouth &amp; Great-Falls journal of literature &amp; politics.</subfield></datafield><datafield ind1="3" ind2="0" tag="246"><subfield code="a">Portsmouth and Great Falls journal of literature &amp; politics</subfield></datafield><datafield ind1=" " ind2=" " tag="260"><subfield code="a">Portsmouth, N.H. :</subfield><subfield code="b">Charles W. Brewster,</subfield><subfield code="c">1836-1838.</subfield></datafield><datafield ind1=" " ind2=" " tag="300"><subfield code="a">2 v.</subfield></datafield><datafield ind1=" " ind2=" " tag="310"><subfield code="a">Weekly</subfield></datafield><datafield ind1="0" ind2=" " tag="362"><subfield code="a">Vol. 47, no. 33 (Aug. 13, 1836)-v. 49, no. 21 (May 26, 1838).</subfield></datafield><datafield ind1=" " ind2=" " tag="530"><subfield code="a">Also issued on microfilm from Readex Microprint Corp, New Canaan, Conn.</subfield></datafield><datafield ind1=" " ind2=" " tag="580"><subfield code="a">Portsmouth ed.: Portsmouth journal of literature &amp; politics (Portsmouth, N.H. : 1836).</subfield></datafield><datafield ind1=" " ind2="0" tag="651"><subfield code="a">Portsmouth (N.H.)</subfield><subfield code="v">Newspapers.</subfield></datafield><datafield ind1=" " ind2="0" tag="651"><subfield code="a">Somersworth (N.H.)</subfield><subfield code="v">Newspapers.</subfield></datafield><datafield ind1=" " ind2="7" tag="651"><subfield code="a">New Hampshire</subfield><subfield code="z">Portsmouth.</subfield><subfield code="2">fast</subfield><subfield code="0">(OCoLC)fst01207640</subfield></datafield><datafield ind1=" " ind2="7" tag="651"><subfield code="a">New Hampshire</subfield><subfield code="z">Somersworth.</subfield><subfield code="2">fast</subfield><subfield code="0">(OCoLC)fst01212854</subfield></datafield><datafield ind1=" " ind2="7" tag="655"><subfield code="a">Newspapers.</subfield><subfield code="2">fast</subfield><subfield code="0">(OCoLC)fst01423814</subfield></datafield><datafield ind1=" " ind2=" " tag="752"><subfield code="a">United States</subfield><subfield code="b">New Hampshire</subfield><subfield code="c">Rockingham</subfield><subfield code="d">Portsmouth.</subfield></datafield><datafield ind1="1" ind2=" " tag="775"><subfield code="t">Portsmouth journal of literature &amp; politics (Portsmouth, N.H. : 1836)</subfield><subfield code="w">(DLC)sn 84023363</subfield><subfield code="w">(OCoLC)10843707</subfield></datafield></record>